<collection xmlns="http://www.loc.gov/MARC21/slim">
<record>
  <leader>01558nam0a2200253 i 450 </leader>
  <controlfield tag="001">IT\ICCU\CNCE\001803</controlfield>
  <controlfield tag="005">20160211000000.0</controlfield>
  <datafield tag="012" ind1=" " ind2=" ">
    <subfield code="a">lil- neet niio i-la (C) 1590 (A)</subfield>
    <subfield code="2">fei</subfield>
  </datafield>
  <datafield tag="100" ind1=" " ind2=" ">
    <subfield code="a">19970101d1590        0itac0103    ba</subfield>
  </datafield>
  <datafield tag="101" ind1=" " ind2=" ">
    <subfield code="a">ITA</subfield>
  </datafield>
  <datafield tag="102" ind1=" " ind2=" ">
    <subfield code="a">IT</subfield>
  </datafield>
  <datafield tag="200" ind1="1" ind2=" ">
    <subfield code="a">Nuoui discorsi. Raccolti da m. Vespasiano Angelico medico, &amp; astrologo, vtilissimi ad ogni stato di persone. Trattato della creatione, nobilt,̉ et eccellenza dell&apos;huomo. Lodi della potentissima citt ̉di Vinegia. Dottissimo discorso ch&apos;insegna  ̉conoscereper certi segni apparenti, la natura de gli huomini, et de&apos; cattivi, per poter fuggire le cattiue conuersationi, et darsi alla </subfield>
  </datafield>
  <datafield tag="210" ind1=" " ind2=" ">
    <subfield code="a">In Venetia</subfield>
    <subfield code="d">et ristampata in Mantoua</subfield>
    <subfield code="c">per Francesco Osanna stampatore ducale</subfield>
    <subfield code="d">1590</subfield>
  </datafield>
  <datafield tag="215" ind1=" " ind2=" ">
    <subfield code="a">\4! c.</subfield>
    <subfield code="d">4ʻ</subfield>
  </datafield>
  <datafield tag="620" ind1=" " ind2=" ">
    <subfield code="a">IT</subfield>
    <subfield code="d">Mantova</subfield>
  </datafield>
  <datafield tag="700" ind1=" " ind2="1">
    <subfield code="a">Angelico,</subfield>
    <subfield code="b">Vespasiano</subfield>
    <subfield code="3">IT\ICCU\CNCA\000718</subfield>
  </datafield>
  <datafield tag="712" ind1="0" ind2="0">
    <subfield code="a">Osanna, Francesco</subfield>
    <subfield code="3">IT\ICCU\CNCT\000504</subfield>
    <subfield code="4">650</subfield>
  </datafield>
  <datafield tag="791" ind1="0" ind2="0">
    <subfield code="a">Osanna, Francesco Bernardino</subfield>
    <subfield code="3">IT\ICCU\CNCT\002263</subfield>
    <subfield code="z">Osanna, Francesco</subfield>
  </datafield>
  <datafield tag="791" ind1="0" ind2="0">
    <subfield code="a">Osana, Franciscus</subfield>
    <subfield code="3">IT\ICCU\CNCT\005166</subfield>
    <subfield code="z">Osanna, Francesco</subfield>
  </datafield>
  <datafield tag="791" ind1="0" ind2="0">
    <subfield code="a">Osana, Francesco Bernardino</subfield>
    <subfield code="3">IT\ICCU\CNCT\005167</subfield>
    <subfield code="z">Osanna, Francesco</subfield>
  </datafield>
  <datafield tag="801" ind1=" " ind2="3">
    <subfield code="a">IT</subfield>
    <subfield code="b">ICCU</subfield>
    <subfield code="c">20201113</subfield>
  </datafield>
  <datafield tag="899" ind1=" " ind2=" ">
    <subfield code="a">Biblioteca civica. Verona</subfield>
    <subfield code="1">VR0059</subfield>
    <subfield code="2">ZVR 02</subfield>
  </datafield>
  <datafield tag="911" ind1=" " ind2=" ">
    <subfield code="a">Sul front.</subfield>
    <subfield code="9">IT\ICCU\CNCM\000400</subfield>
  </datafield>
  <datafield tag="921" ind1=" " ind2=" ">
    <subfield code="a">IT\ICCU\CNCM\000400</subfield>
    <subfield code="b">Fama (donna alata in piedi sul globo suona una tromba). In cornice figurata con lo stemma dei Gonzaga</subfield>
    <subfield code="e">Virtute, et labore.</subfield>
    <subfield code="c">A37</subfield>
    <subfield code="c">V96</subfield>
    <subfield code="c">Z511</subfield>
    <subfield code="d">Dimensioni: 5,3 x 6. Con o senza motto</subfield>
    <subfield code="f">FAMA</subfield>
    <subfield code="f">FEDE</subfield>
    <subfield code="f">PACE</subfield>
    <subfield code="f">STEMMA</subfield>
    <subfield code="f">VIRTUTEETL</subfield>
    <subfield code="g">1575-1591</subfield>
  </datafield>
</record>
</collection>
